<?xml version="1.0" encoding="UTF-8" ?><marc:collection xmlns:marc="http://www.loc.gov/MARC21/slim" xmlns:xsi="http://www.w3.org/2001/XMLSchema-instance" xsi:schemaLocation="http://www.loc.gov/MARC21/slim http://www.loc.gov/standards/marcxml/schema/MARC21slim.xsd">
<marc:record><marc:leader>04583cam a2200625Mi 4500</marc:leader>
<marc:controlfield tag="001">b12160696</marc:controlfield>
<marc:controlfield tag="003">UaCaAUL</marc:controlfield><marc:controlfield tag="005">20180211011357.0</marc:controlfield><marc:controlfield tag="008">030722s1929    ua abf   b   f000 0 ara d</marc:controlfield><marc:datafield tag="035" ind1=" " ind2=" "><marc:subfield code="a">(OCoLC)122722755</marc:subfield></marc:datafield><marc:datafield tag="040" ind1=" " ind2=" "><marc:subfield code="a">YUS</marc:subfield><marc:subfield code="b">eng</marc:subfield><marc:subfield code="e">rda</marc:subfield><marc:subfield code="c">YUS</marc:subfield><marc:subfield code="d">OCLCG</marc:subfield><marc:subfield code="d">OCLCF</marc:subfield><marc:subfield code="d">OCLCO</marc:subfield><marc:subfield code="d">OCLCQ</marc:subfield><marc:subfield code="d">MEAUC</marc:subfield></marc:datafield><marc:datafield tag="041" ind1="1" ind2=" "><marc:subfield code="a">ara</marc:subfield><marc:subfield code="h">eng</marc:subfield></marc:datafield><marc:datafield tag="043" ind1=" " ind2=" "><marc:subfield code="a">f-ua---</marc:subfield></marc:datafield><marc:datafield tag="049" ind1=" " ind2=" "><marc:subfield code="a">MAIN</marc:subfield></marc:datafield><marc:datafield tag="050" ind1=" " ind2="4"><marc:subfield code="a">DT83</marc:subfield><marc:subfield code="b">.B78212 1929</marc:subfield></marc:datafield><marc:datafield tag="066" ind1=" " ind2=" "><marc:subfield code="c">(3</marc:subfield><marc:subfield code="c">(4</marc:subfield></marc:datafield><marc:datafield tag="090" ind1=" " ind2=" "><marc:subfield code="a">DT83</marc:subfield><marc:subfield code="b">.B78212 1929</marc:subfield></marc:datafield><marc:datafield tag="100" ind1="1" ind2=" "><marc:subfield code="6">880-01</marc:subfield><marc:subfield code="a">Breasted, James Henry,</marc:subfield><marc:subfield code="d">1865-1935.</marc:subfield></marc:datafield><marc:datafield tag="240" ind1="1" ind2="0"><marc:subfield code="a">History of Egypt from the earliest times to the Persian conquest.</marc:subfield><marc:subfield code="l">Arabic.</marc:subfield><marc:subfield code="f">1929.</marc:subfield></marc:datafield><marc:datafield tag="245" ind1="1" ind2="0"><marc:subfield code="6">880-02</marc:subfield><marc:subfield code="a">Kitāb tārīkh Miṣr min aqdam al-ʻuṣūr ilá al-fatḥ al-Fārisī /</marc:subfield><marc:subfield code="c">taʼlīf al-ustādh Zhīms Hinrī Bristid, ustādh ʻilm al-āthār al-Miṣrīyah wa-tārīkh al-shaerq bi-Jāmiʻat Shīkājū, wa-mudīr Dār al-Tuḥaf al-Sharqīyahbi-madīnat Hāskil, wa-al-ʻuḍw al-murāsil lil-Mujammaʻ al-ʻIlmī bi-Birlīn ; wa-tarjamat al-duktūr Ḥasan Kamāl, al-duktūr bi-mustashfá al-Ḥummīyāt bi-al-ʻAbbāsīyah, wa-al-ʻuḍw bi-al-Kullīyah al-Jirāḥīyah al-Malakīyah bi-Injiltirā ; rājaʻahu wa-ṣaḥḥaḥahu Muḥammad Ḥasanayn al-Ghamrāwī Bik, al-mufattish al-awwal li-lughah al-ʻArabīyah bi-Wizārat al-Maʻārif.</marc:subfield></marc:datafield><marc:datafield tag="246" ind1="3" ind2="0"><marc:subfield code="6">880-03</marc:subfield><marc:subfield code="a">Tārīkh Miṣr min aqdam al-ʻuṣūr ilá al-fatḥ al-Fārisī.</marc:subfield></marc:datafield><marc:datafield tag="250" ind1=" " ind2=" "><marc:subfield code="6">880-04</marc:subfield><marc:subfield code="a">al-Ṭabʻah al-ūlá.</marc:subfield></marc:datafield><marc:datafield tag="264" ind1=" " ind2="1"><marc:subfield code="6">880-05</marc:subfield><marc:subfield code="a">al-Qāhirah :</marc:subfield><marc:subfield code="b">bi-al-Maṭbaʻah al-Amīrīyah bi-al-Qāhirah,</marc:subfield><marc:subfield code="c">1347 H, 1929 M.</marc:subfield></marc:datafield><marc:datafield tag="300" ind1=" " ind2=" "><marc:subfield code="a">22, 409 pages, 75 leaves of plates (1 color) :</marc:subfield><marc:subfield code="b">illustrations, maps ;</marc:subfield><marc:subfield code="c">26 cm.</marc:subfield></marc:datafield><marc:datafield tag="336" ind1=" " ind2=" "><marc:subfield code="a">text</marc:subfield><marc:subfield code="b">txt</marc:subfield><marc:subfield code="2">rdacontent.</marc:subfield></marc:datafield><marc:datafield tag="337" ind1=" " ind2=" "><marc:subfield code="a">unmediated</marc:subfield><marc:subfield code="b">n</marc:subfield><marc:subfield code="2">rdamedia.</marc:subfield></marc:datafield><marc:datafield tag="338" ind1=" " ind2=" "><marc:subfield code="a">volume</marc:subfield><marc:subfield code="b">nc</marc:subfield><marc:subfield code="2">rdacarrier.</marc:subfield></marc:datafield><marc:datafield tag="500" ind1=" " ind2=" "><marc:subfield code="6">880-06</marc:subfield><marc:subfield code="a">At head of title: Wizārat al-Maʻārif al-ʻUmūmīyah.</marc:subfield></marc:datafield><marc:datafield tag="500" ind1=" " ind2=" "><marc:subfield code="6">880-07</marc:subfield><marc:subfield code="a">Qarrarat Wizārat al-Maʻārif al-ʻUmūmīyah hādhā al-kitāb li-ṭalabat Madrasat al-Muʻallimīn al-ʻUlyā.</marc:subfield></marc:datafield><marc:datafield tag="500" ind1=" " ind2=" "><marc:subfield code="6">880-08</marc:subfield><marc:subfield code="a">&quot;al-Maṭbaʻah al-Amīrīyah 9698/1926/3000.&quot;--At the end of the book.</marc:subfield></marc:datafield><marc:datafield tag="500" ind1=" " ind2=" "><marc:subfield code="6">880-09</marc:subfield><marc:subfield code="a">Ḥaq al-ṭabʻ maḥfūẓ li-Wizārat al-Maʻārif.</marc:subfield></marc:datafield><marc:datafield tag="500" ind1=" " ind2=" "><marc:subfield code="a">Some leaves of plates have the same number of facing pages.</marc:subfield></marc:datafield><marc:datafield tag="504" ind1=" " ind2=" "><marc:subfield code="a">Includes bibliographical references.</marc:subfield></marc:datafield><marc:datafield tag="546" ind1=" " ind2=" "><marc:subfield code="a">Translation of A history of Egypt from the earliest times to the Persian conquest.</marc:subfield></marc:datafield><marc:datafield tag="500" ind1=" " ind2=" "><marc:subfield code="a">Non-Latin script record.</marc:subfield></marc:datafield><marc:datafield tag="651" ind1=" " ind2="0"><marc:subfield code="a">Egypt</marc:subfield><marc:subfield code="x">History, Ancient.</marc:subfield></marc:datafield><marc:datafield tag="700" ind1="1" ind2=" "><marc:subfield code="6">880-10</marc:subfield><marc:subfield code="a">Kamāl, Ḥasan.</marc:subfield></marc:datafield><marc:datafield tag="700" ind1="1" ind2=" "><marc:subfield code="6">880-11</marc:subfield><marc:subfield code="a">Ghamrāwī, Muḥammad Ḥasanayn.</marc:subfield></marc:datafield><marc:datafield tag="710" ind1="1" ind2=" "><marc:subfield code="6">880-12</marc:subfield><marc:subfield code="a">Egypt.</marc:subfield><marc:subfield code="b">Wizārat al-Maʻārif al-ʻUmūmīyah.</marc:subfield></marc:datafield><marc:datafield tag="880" ind1="1" ind2=" "><marc:subfield code="6">100-01/(3/r</marc:subfield><marc:subfield code="a">برستد، چيمس هنري،،‪</marc:subfield><marc:subfield code="d">1865-1935.</marc:subfield></marc:datafield><marc:datafield tag="880" ind1="1" ind2="0"><marc:subfield code="6">245-02/(3/r</marc:subfield><marc:subfield code="a">كتاب تاريخ مصر من أقدم العصور الى الفتح الفارسي /‪</marc:subfield><marc:subfield code="c">تأليف الأستاذ چيمس هنري برستد، أستاذ علم الآثار المصرية وتاريخ الشرق بجامعة شيكاجو، ومدير دار التحف الشرقية بمدينة هاسكل، والعضو المراسل للمجمع العلمي ببرلين ؛ وترجمة الدكتور حسن كمال، الدكتور بمستشفى الحميات بالعباسية، والعدو بالكلية الجراحية الملكية بانجلترا ؛ راجعه وصححه محمد حسنين الغمراوي بك، المفتش الHول للغة العربية بوزارة المعارف..</marc:subfield></marc:datafield><marc:datafield tag="880" ind1="3" ind2="0"><marc:subfield code="6">246-03/(3/r</marc:subfield><marc:subfield code="a">تاريخ مصر من أقدم العصور إلى الفتح الفارسي.</marc:subfield></marc:datafield><marc:datafield tag="880" ind1=" " ind2=" "><marc:subfield code="6">250-04/(3/r</marc:subfield><marc:subfield code="a">الطبعة الأولى..</marc:subfield></marc:datafield><marc:datafield tag="880" ind1=" " ind2="1"><marc:subfield code="6">264-05/(3/r</marc:subfield><marc:subfield code="a">القاهرة :‪</marc:subfield><marc:subfield code="b">بالمطبعة الأميرية بالقاهرة،‪</marc:subfield><marc:subfield code="c">1347 ه، 1929 م..</marc:subfield></marc:datafield><marc:datafield tag="880" ind1=" " ind2=" "><marc:subfield code="6">500-06/(3/r</marc:subfield><marc:subfield code="a">At head of title: وزارة المعارف العمومية..</marc:subfield></marc:datafield><marc:datafield tag="880" ind1=" " ind2=" "><marc:subfield code="6">500-07/(3/r</marc:subfield><marc:subfield code="a">قررت وزارة المعارف العمومية هذا الكتاب لطلبة مدرسة المعلمين العليا..</marc:subfield></marc:datafield><marc:datafield tag="880" ind1=" " ind2=" "><marc:subfield code="6">500-08/(3/r</marc:subfield><marc:subfield code="a">&quot;المطبعة الأميرية 9698/1926/3000.&quot;--At the end of the book.</marc:subfield></marc:datafield><marc:datafield tag="880" ind1=" " ind2=" "><marc:subfield code="6">500-09/(3/r</marc:subfield><marc:subfield code="a">حق الطبع محفوظ لوزارة المعارف..</marc:subfield></marc:datafield><marc:datafield tag="880" ind1="1" ind2=" "><marc:subfield code="6">700-10/(3/r</marc:subfield><marc:subfield code="a">كمال، حسن..</marc:subfield></marc:datafield><marc:datafield tag="880" ind1="1" ind2=" "><marc:subfield code="6">700-11/(3/r</marc:subfield><marc:subfield code="a">غمراوي، محمد حسنين..</marc:subfield></marc:datafield><marc:datafield tag="880" ind1="1" ind2=" "><marc:subfield code="6">710-12/(3/r</marc:subfield><marc:subfield code="a">مصر.‪</marc:subfield><marc:subfield code="b">وزارة المعارف العمومية..</marc:subfield></marc:datafield><marc:datafield tag="907" ind1=" " ind2=" "><marc:subfield code="a">.b12160696</marc:subfield><marc:subfield code="b">main </marc:subfield></marc:datafield><marc:datafield tag="902" ind1=" " ind2=" "><marc:subfield code="a">181015</marc:subfield></marc:datafield><marc:datafield tag="998" ind1=" " ind2=" "><marc:subfield code="b">1</marc:subfield><marc:subfield code="c">031215</marc:subfield><marc:subfield code="d">m</marc:subfield><marc:subfield code="e">a</marc:subfield><marc:subfield code="f">-</marc:subfield><marc:subfield code="g">0</marc:subfield><marc:subfield code="k">TA</marc:subfield></marc:datafield><marc:datafield tag="945" ind1=" " ind2=" "><marc:subfield code="l">main </marc:subfield></marc:datafield></marc:record>
</marc:collection>
